% Encoding: UTF-8
@Book{muster:quellen,
  title     = {Der Sinn von Quellenangaben. Eine unkritische Auseinandersetzung},
  shorttitle = {Der Sinn von Quellenangaben},
  publisher = {Testverlag},
  year      = {2014},
  author    = {Mustermann, Max},
  address   = {Berlin},
}

@Book{doe:references,
  title     = {Get your references straight! Why footnotes matter},
  publisher = {Corny Publishing},
  year      = {2013},
  author    = {Doe, Jane},
  address   = {Springfield},
}

@Book{suzuki:ronbun,
  title     = {Ronbun wo kakimashô!},
  titleaddon = {論文を書きましょう！},
  publisher = {Muromachi shoten},
  year      = {2011},
  author    = {Suzuki, Kazuko},
  nameaddon = {鈴木和子},
  address   = {Kyôto},
  langid    = {japanese},
}

@Book{musterfr:hrsg,
  title     = {Wie man ein Buch herausgibt},
  publisher = {Testverlag},
  year      = {2017},
  editor    = {Musterfrau, Mara},
  address   = {Berlin},
}

@MvBook{yamada:reihe,
  title     = {Der aus der Reihe tanzt},
  series    = {Eine Reihe interessanter Bücher},
  number    = {42},
  publisher = {Verlagshaus Japan},
  year      = {2011},
  author    = {Yamada, Julius},
  nameaddon = {ユーリウス山田},
  address   = {Unterniedergummersbach},
}

@Book{authors:three,
  title     = {Aller guten Dinge sind drei},
  publisher = {Verlag der Dreifaltigkeit},
  year      = {2013},
  author    = {Duck, Tick and Duck, Trick and Duck, Track},
  address   = {Entenhausen},
}

@Book{authors:many,
  title     = {Zu viele Köche verderben den Brei},
  publisher = {Vielfältiger Verlag},
  year      = {2019},
  author    = {Neutron, Jimmy and Gordon, Flash and Hasselhoff, David and Picard, Jean-Luc},
  address   = {Alpha Centauri},
}

@incollection{inbook:oxford,
  author      = "Ove Grandstrand",
  title       = "Innovation and Intellectual Property Rights",
  editor      = "Jan Fagerberg and David C. Mowery and Richard R. Nelson",
  maintitle   = "The Oxford Handbook of Innovation",
  publisher   = "Oxford University Press",
  address     = "Oxford",
  year        = 2004,
  pages       = "266-290",
}

@article{article:unkel,
  author      = {Unkel, Monika},
  title       = "Japanisch als Fremdsprache-Lehrwerke für Gymnasien: Bestandsaufnahme und Desiderata vor dem Hintergrund des Kernlehrplans Nordrhein-Westfalen von 2014",
  editor      = "{Japanisch an Hochschulen e.V.}",
  journal   = "Japanisch als Fremdsprache",
  publisher   = "Ostasien Verlag",
  address     = "Gossenberg",
  volume      = 4,
  year        = 2015,
  pages       = "96-133",
}
